
@inproceedings{keller2012prost,
  title={PROST: Probabilistic Planning Based on UCT.},
  author={Keller, Thomas and Eyerich, Patrick},
  booktitle={ICAPS},
  year={2012}
}

@article{auer2002finite,
  title={Finite-time analysis of the multiarmed bandit problem},
  author={Auer, Peter and Cesa-Bianchi, Nicolo and Fischer, Paul},
  journal={Machine learning},
  volume={47},
  number={2-3},
  pages={235--256},
  year={2002},
  publisher={Springer}
}


@article{auer2002using,
  title={Using confidence bounds for exploitation-exploration trade-offs},
  author={Auer, Peter},
  journal={Journal of Machine Learning Research},
  volume={3},
  pages={397--422},
  year={2002}
}

@inproceedings{Cordier08,
 author = {Cordier, Marie-Odile and Pencol{\'e}, Yannick and Trav{\'e}-Massuy\`{e}s, Louise and Vidal, Thierry},
 title = {Characterizing and Checking Self-healability},
 booktitle = {Proceedings of the 2008 Conference on ECAI 2008: 18th European Conference on Artificial Intelligence},
 year = {2008},
 isbn = {978-1-58603-891-5},
 pages = {789--790},
 numpages = {2},
 url = {http://dl.acm.org/citation.cfm?id=1567281.1567471},
 acmid = {1567471},
 publisher = {IOS Press},
 address = {Amsterdam, The Netherlands, The Netherlands},
}

@article{Stern17shelly,
  author    = {Roni Stern and
               Meir Kalech and
               Shelly Rogov and
               Alexander Feldman},
  title     = {How many diagnoses do we need?},
  journal   = {Artif. Intell.},
  volume    = {248},
  pages     = {26--45},
  year      = {2017},
  url       = {https://doi.org/10.1016/j.artint.2017.03.002},
  doi       = {10.1016/j.artint.2017.03.002},
  timestamp = {Wed, 14 Jun 2017 20:37:19 +0200},
  biburl    = {http://dblp.uni-trier.de/rec/bib/journals/ai/SternKRF17},
  bibsource = {dblp computer science bibliography, http://dblp.org}
}

@inproceedings{Stern15shely,
  author    = {Roni Tzvi Stern and
               Meir Kalech and
               Shelly Rogov and
               Alexander Feldman},
  title     = {How Many Diagnoses Do We Need?},
  booktitle = {Proceedings of the Twenty-Ninth {AAAI} Conference on Artificial Intelligence,
               January 25-30, 2015, Austin, Texas, {USA.}},
  pages     = {1618--1624},
  year      = {2015},
  crossref  = {DBLP:conf/aaai/2015},
  url       = {http://www.aaai.org/ocs/index.php/AAAI/AAAI15/paper/view/9952},
  timestamp = {Sun, 12 Apr 2015 15:18:08 +0200},
  biburl    = {http://dblp.uni-trier.de/rec/bib/conf/aaai/SternKRF15},
  bibsource = {dblp computer science bibliography, http://dblp.org}
}

@proceedings{DBLP:conf/aaai/2015,
  editor    = {Blai Bonet and
               Sven Koenig},
  title     = {Proceedings of the Twenty-Ninth {AAAI} Conference on Artificial Intelligence,
               January 25-30, 2015, Austin, Texas, {USA}},
  publisher = {{AAAI} Press},
  year      = {2015},
  url       = {http://www.aaai.org/Library/AAAI/aaai15contents.php},
  isbn      = {978-1-57735-698-1},
  timestamp = {Sun, 12 Apr 2015 12:16:43 +0200},
  biburl    = {http://dblp.uni-trier.de/rec/bib/conf/aaai/2015},
  bibsource = {dblp computer science bibliography, http://dblp.org}
}


@article{Hansen99,
 author = {Hansen, Mark C. and Yalcin, Hakan and Hayes, John P.},
 title = {Unveiling the {ISCAS}-85 Benchmarks: A Case Study in Reverse Engineering},
 journal = {IEEE Des. Test},
 volume = {16},
 issue = {3},
 year = {1999},
 pages = {72--80},
 numpages = {9},
}


@InProceedings{Brglez89,
  author =       {Brglez, F. and Bryan, D. and Kozminski, K.},
  title =        {Combinatorial profiles of sequential benchmark circuits},
  booktitle = {IEEE International Symposium on Circuits and Systems},
  year =      {1989},
  pages={1929--1934},
}


@inproceedings{cordier2007selfHealability,
  TITLE = {{Self-healablity = diagnosability + repairability}},
  AUTHOR = {Cordier, Marie-Odile and Pencol{\'e}, Yannick and Trav{\'e}-Massuy{\`e}s, Louise and Vidal, Thierry},
  BOOKTITLE = {the International Workshop on Principles of Diagnosis ({DX})},
  PAGES = {251--258},
  YEAR = {2007},
}


@ARTICLE{mengshoel2010probabilistic,
author={Mengshoel, O.J. and Chavira, M. and Cascio, K. and Poll, S. and Darwiche, A. and Uckun, S.},
journal={Systems, Man and Cybernetics, Part A: Systems and Humans, IEEE Transactions on},
title={Probabilistic Model-Based Diagnosis: An Electrical Power System Case Study},
year={2010},
volume={40},
number={5},
pages={874-885}
}


@inproceedings{stern2015repair,
  title={Repair Planning with Batch Repair},
  author={Roni Stern and Meir Kalech},
  booktitle={ International Workshop on Principles of Diagnosis (DX)},
  year={2014}
}



@inproceedings{stern2015howMany,
  author    = {Roni Stern and Meir Kalech and Shelly Rogov and Alexander Feldman},
  title     = {How Many Diagnoses Do We Need?},
  booktitle = {AAAI},
  year      = {2015}
}




@inproceedings{warnquist2009planning,
  title={Planning as heuristic search for incremental fault diagnosis and repair},
  author={Warnquist, H{\aa}kan and Kvarnstr{\"o}m, Jonas and Doherty, Patrick},
  booktitle={Scheduling and Planning Applications Workshop (SPARK) at the International Conference on Automated Planning and Scheduling (ICAPS)},
  year={2009}
}

@book{nilsson1982principles,
  title={Principles of artificial intelligence},
  author={Nilsson, Nils J},
  year={1982},
  publisher={Springer}
}

@article{feldman2010model,
  title={A model-based active testing approach to sequential diagnosis},
  author={Feldman, Alexander and Provan, Gregory and van Gemund, Arjan},
  journal={Journal of Artificial Intelligence Research (JAIR)},
  volume={39},
  pages={301},
  year={2010}
}


@ARTICLE{Brodie02,
  author =       {Brodie, M. and Rich, I. and Ma, S.},
  title =        {Intelligence Probing: A Cost-Effective Approach to Fault Diagnosis Computer
Networks},
  journal =      {IBM Systems Journal},
  year =         {2002},
  volume =       {41},
  number =       {3},
  pages =        {372--385}
}

@book{edelkamp2011heuristic,
  title={Heuristic search: theory and applications},
  author={Edelkamp, Stefan and Schroedl, Stefan},
  year={2011},
  publisher={Elsevier}
}

@inproceedings{deKleer1989diagnosis,
  author    = {Johan de Kleer and
               Brian C. Williams},
  title     = {Diagnosis with Behavioral Modes},
  booktitle = {IJCAI},
  year      = {1989},
  pages     = {1324-1330}
}

@inproceedings{Selman90,
  author    = {Bart Selman and
               Hector J. Levesque},
  title     = {Abductive and Default Reasoning: A Computational Core},
  booktitle = {AAAI},
  year      = {1990},
  pages     = {343-348},
  bibsource = {DBLP, http://dblp.uni-trier.de}
}

@article{feldman2010approximate,
  title={Approximate model-based diagnosis using greedy stochastic search},
  author={Feldman, Alexander and Provan, Gregory and van Gemund, Arjan},
  journal={Journal of Artificial Intelligence Research (JAIR)},
  volume={38},
  pages={371},
  year={2010}
}


@inproceedings{de2011hitting,
  title={Hitting set algorithms for model-based diagnosis},
  author={de Kleer, Johan},
	booktitle	= {the International Workshop on Principles of Diagnosis (DX)},
  pages={100--105},
  year={2011}
}

@inproceedings{stern2012exploring,
  title={Exploring the Duality in Conflict-Directed Model-Based Diagnosis.},
  author={Stern, Roni and Kalech, Meir and Feldman, Alexander and Provan, Gregory M},
  booktitle={AAAI},
  year={2012}
}

@inproceedings{metodi2012compiling,
  title={Compiling Model-Based Diagnosis to Boolean Satisfaction.},
  author={Metodi, Amit and Stern, Roni and Kalech, Meir and Codish, Michael},
  booktitle={AAAI},
  year={2012}
}

@article{metodi2014novel,
  title={A novel SAT-based approach to model based diagnosis},
  author={Metodi, Amit and Stern, Roni and Kalech, Meir and Codish, Michael},
  journal={Journal of Artificial Intelligence Research},
  pages={377--411},
  year={2014}
}


@article{williams2007conflict,
  title={{Conflict-directed A* and its role in model-based embedded systems}},
  author={Williams, Brian C and Ragno, Robert J},
  journal={Discrete Applied Mathematics},
  volume={155},
  number={12},
  pages={1562--1595},
  year={2007},
  publisher={Elsevier}
}

@article{abreu2011simultaneousDebugging,
  author = {Abreu, Rui and Zoeteweij, Peter and van Gemund, Arjan J. C.},
  journal = {Journal of Systems and Software},
  number = 4,
  pages = {573--586},
  title = {Simultaneous debugging of software faults},
  volume = 84,
  year = 2011
}

@incollection{deKleer1990characterizing,
  title={Characterizing diagnoses},
  author={De Kleer, Johan and Mackworth, Alan K and Reiter, Raymond},
  booktitle={Expert Systems in Engineering Principles and Applications},
  pages={1--15},
  year={1990},
  publisher={Springer Berlin Heidelberg}
}


@inproceedings{williams1996model,
  title={A model-based approach to reactive self-configuring systems},
  author={Williams, Brian C and Nayak, P Pandurang},
  booktitle={AAAI},
  pages={971--978},
  year={1996}
}

@inproceedings{feldman2013model,
  title={Model-Based Diagnostic decision-support system for satellites},
  author={Feldman, Alexander and de Castro, Helena Vicente and van Gemund, Arjan and Provan, Gregory},
  booktitle={Aerospace Conference, 2013 IEEE},
  pages={1--14},
  year={2013},
  organization={IEEE}
}


@article{friedrich1992choosing,
  title={Choosing Observations and Actions in Model-Based Diagnosis/Repair Systems.},
  author={Friedrich, Gerhard and Nejdl, Wolfgang},
  journal={KR},
  volume={92},
  pages={489--498},
  year={1992}
}

@article{heckerman1995decision,
  title={Decision-theoretic troubleshooting},
  author={Heckerman, David and Breese, John S and Rommelse, Koos},
  journal={Communications of the ACM},
  volume={38},
  number={3},
  pages={49--57},
  year={1995},
  publisher={ACM}
}
@inproceedings{stern2012using,
	title={Using Model-Based Diagnosis to Improve Software Testing},
  author={Stern, Roni and Kalech, Meir and Gafni, Niv and Ofir, Yair and Ben-Zaken, Eliav},
	booktitle	= {the International Workshop on Principles of Diagnosis (DX)},
	year	= {2012}
}

@inproceedings{zamir2014using,
  author    = {Tom Zamir and
               Roni Tzvi Stern and
               Meir Kalech},
  title     = {Using Model-Based Diagnosis to Improve Software Testing},
  booktitle = {Proceedings of the Twenty-Eighth {AAAI} Conference on Artificial Intelligence,
               July 27 -31, 2014, Qu{\'{e}}bec City, Qu{\'{e}}bec, Canada.},
  pages     = {1135--1141},
  year      = {2014},
  crossref  = {DBLP:conf/aaai/2014},
  url       = {http://www.aaai.org/ocs/index.php/AAAI/AAAI14/paper/view/8582},
  timestamp = {Thu, 31 Jul 2014 09:00:19 +0200},
  biburl    = {http://dblp.uni-trier.de/rec/bib/conf/aaai/ZamirSK14},
  bibsource = {dblp computer science bibliography, http://dblp.org}
}

@proceedings{DBLP:conf/aaai/2014,
  editor    = {Carla E. Brodley and
               Peter Stone},
  title     = {Proceedings of the Twenty-Eighth {AAAI} Conference on Artificial Intelligence,
               July 27 -31, 2014, Qu{\'{e}}bec City, Qu{\'{e}}bec, Canada},
  publisher = {{AAAI} Press},
  year      = {2014},
  url       = {http://www.aaai.org/Library/AAAI/aaai14contents.php},
  isbn      = {978-1-57735-661-5},
  timestamp = {Thu, 31 Jul 2014 08:59:54 +0200},
  biburl    = {http://dblp.uni-trier.de/rec/bib/conf/aaai/2014},
  bibsource = {dblp computer science bibliography, http://dblp.org}
}


@inproceedings{stern2013findingAll,
	title={Finding All Subset Minimal Diagnoses is Redundant},
  author={Roni Stern and Meir Kalech and Alexander Feldman and Shelly Rogov and Tom Zamir},
	booktitle	= {the International Workshop on Principles of Diagnosis (DX)},
	year	= {2013}
}

@article{korf1993linear,
  title={Linear-space best-first search},
  author={Korf, Richard E},
  journal={Artificial Intelligence},
  volume={62},
  number={1},
  pages={41--78},
  year={1993},
  publisher={Elsevier}
}

@article{korf1985depth,
  title={Depth-first iterative-deepening: An optimal admissible tree search},
  author={Korf, Richard E},
  journal={Artificial intelligence},
  volume={27},
  number={1},
  pages={97--109},
  year={1985},
  publisher={Elsevier}
}


@book{glover2013tabu,
  title={Tabu Search},
  author={Glover, Fred and Laguna, Manuel},
  year={2013},
  publisher={Springer}
}

@book{lourencco2003iterated,
  title={Iterated local search},
  author={Louren{\c{c}}o, Helena R and Martin, Olivier C and St{\"u}tzle, Thomas},
  year={2003},
  publisher={Springer}
}

@article{goldenberg2014enanced,
  author    = {Meir Goldenberg and
               Ariel Felner and
               Roni Stern and
               Guni Sharon and
               Nathan R. Sturtevant and
               Robert C. Holte and
               Jonathan Schaeffer},
  title     = {Enhanced Partial Expansion {A}},
  journal   = {J. Artif. Intell. Res. {(JAIR)}},
  volume    = {50},
  pages     = {141--187},
  year      = {2014}
}

@inproceedings{stern2015implementing,
	title="Implementing Troubleshooting with Batch Repair",
	author="Roni Stern and Meir Kalech and Hilla Shinitzky",
	booktitle = "AAAI",
	year = "2016"
	}

@article{hart1968formal,
  title={A formal basis for the heuristic determination of minimum cost paths},
  author={Hart, Peter E and Nilsson, Nils J and Raphael, Bertram},
  journal={Systems Science and Cybernetics, IEEE Transactions on},
  volume={4},
  number={2},
  pages={100--107},
  year={1968}
}

@inproceedings{stern2014max,
  title={Max is more than min: Solving maximization problems with heuristic search},
  author={Stern, Roni Tzvi and Kiesel, Scott and Puzis, Rami and Felner, Ariel and Ruml, Wheeler},
  booktitle={Symposium on Combinatorial Search (SoCS)},
  year={2014}
}


@article{barto1995learning,
  title={Learning to act using real-time dynamic programming},
  author={Barto, Andrew G and Bradtke, Steven J and Singh, Satinder P},
  journal={Artificial Intelligence},
  volume={72},
  number={1},
  pages={81--138},
  year={1995},
  publisher={Elsevier}
}

@inproceedings{silver2010monte,
  title={Monte-Carlo Planning in Large POMDPs.},
  author={Silver, David and Veness, Joel},
  booktitle={NIPS},
  volume={23},
  pages={2164--2172},
  year={2010}
}

@book{russell2010artificialIntelligence,
  author    = {Stuart J. Russell and
               Peter Norvig},
  title     = {Artificial Intelligence - A Modern Approach (3. internat.
               ed.)},
  publisher = {Pearson Education},
  year      = {2010}
}

@article{hansen2001lao,
  title={{LAO*: A heuristic search algorithm that finds solutions with loops}},
  author={Hansen, Eric A and Zilberstein, Shlomo},
  journal={Artificial Intelligence},
  volume={129},
  number={1},
  pages={35--62},
  year={2001},
  publisher={Elsevier}
}

@article{de1987diagnosing,
  title={Diagnosing multiple faults},
  author={De Kleer, Johan and Williams, Brian C},
  journal={Artificial intelligence},
  volume={32},
  number={1},
  pages={97--130},
  year={1987},
  publisher={Elsevier}
}

@article{Torta14,
  author    = {Gianluca Torta and
               Luca Anselma and
               Daniele Theseider Dupr{\'e}},
  title     = {Exploiting abstractions in cost-sensitive abductive problem solving with observations and actions},
  journal   = {AI Commun.},
  volume    = {27},
  number    = {3},
  year      = {2014},
  pages     = {245-262}
}

@book{bertsekas1995dynamic,
  title={Dynamic programming and optimal control},
  author={Bertsekas, Dimitri P},
  volume={1},
  number={2},
  year={1995},
  publisher={Athena scientific Belmont, MA}
}

@inproceedings{kocsis2006bandit,
  title={Bandit based monte-carlo planning},
  author={Kocsis, Levente and Szepesv{\'a}ri, Csaba},
  booktitle={ECML},
  volume={6},
  pages={282--293},
  year={2006},
  organization={Springer}
}

@article{Nyberg12,
 author = {Pernest{\aa}l, Anna and Nyberg, Mattias and Warnquist, H{\aa}kan},
 title = {Modeling and Inference for Troubleshooting with Interventions Applied to a Heavy Truck Auxiliary Braking System},
 journal = {Engineering Applications of Artificial Intelligence},
 issue_date = {June, 2012},
 volume = {25},
 number = {4},
 month = jun,
 year = {2012},
 issn = {0952-1976},
 pages = {705--719},
 numpages = {15},
 url = {http://dx.doi.org/10.1016/j.engappai.2011.02.018},
 doi = {10.1016/j.engappai.2011.02.018},
 acmid = {2185113},
 publisher = {Pergamon Press, Inc.},
 address = {Tarrytown, NY, USA},
 keywords = {Automobile industry, Bayesian network, Decision support systems, Fault diagnosis, Probabilistic models},
}

@article{murray2005machine,
  title={Machine learning methods for predicting failures in hard drives: A multiple-instance application},
  author={Murray, Joseph F and Hughes, Gordon F and Kreutz-Delgado, Kenneth},
  journal={Journal of Machine Learning Research},
  volume={6},
  number={May},
  pages={783--816},
  year={2005}
}

@article{aamodt1994case,
  title={Case-based reasoning: Foundational issues, methodological variations, and system approaches},
  author={Aamodt, Agnar and Plaza, Enric},
  journal={AI communications},
  volume={7},
  number={1},
  pages={39--59},
  year={1994},
  publisher={IOS press}
}

@article{reiter1987theory,
  title={A theory of diagnosis from first principles},
  author={Reiter, Raymond},
  journal={Artificial intelligence},
  volume={32},
  number={1},
  pages={57--95},
  year={1987},
  publisher={Elsevier}
}

@inproceedings{siddiqi2007hierarchical,
  title={Hierarchical Diagnosis of Multiple Faults.},
  author={Siddiqi, Sajjad Ahmed and Huang, Jinbo and others},
  booktitle={IJCAI},
  pages={581--586},
  year={2007}
}

@inproceedings{torasso2006model,
  title={Model-based diagnosis through obdd compilation: A complexity analysis},
  author={Torasso, Pietro and Torta, Gianluca},
  booktitle={Reasoning, Action and Interaction in AI Theories and Systems},
  pages={287--305},
  year={2006},
  organization={Springer}
}

@article{darwiche2001decomposable,
  title={Decomposable negation normal form},
  author={Darwiche, Adnan},
  journal={Journal of the ACM (JACM)},
  volume={48},
  number={4},
  pages={608--647},
  year={2001},
  publisher={ACM}
}