@inproceedings{cordier2007selfHealability,
  TITLE = {{Self-healablity = diagnosability + repairability}},
  AUTHOR = {Cordier, Marie-Odile and Pencol{\'e}, Yannick and Trav{\'e}-Massuy{\`e}s, Louise and Vidal, Thierry},
  BOOKTITLE = {the International Workshop on Principles of Diagnosis ({DX})},
  PAGES = {251--258},
  YEAR = {2007},
}


@ARTICLE{mengshoel2010probabilistic, 
author={Mengshoel, O.J. and Chavira, M. and Cascio, K. and Poll, S. and Darwiche, A. and Uckun, S.}, 
journal={Systems, Man and Cybernetics, Part A: Systems and Humans, IEEE Transactions on}, 
title={Probabilistic Model-Based Diagnosis: An Electrical Power System Case Study}, 
year={2010}, 
volume={40}, 
number={5}, 
pages={874-885}
}


@inproceedings{stern2015repair,
  title={Repair Planning with Batch Repair},
  author={Roni Stern and Meir Kalech},
  booktitle={ International Workshop on Principles of Diagnosis (DX)},
  year={2014}
}



@inproceedings{stern2015howMany,
  author    = {Roni Stern and Meir Kalech and Shelly Rogov and Alexander Feldman},
  title     = {How Many Diagnoses Do We Need?},
  booktitle = {AAAI},
  year      = {2015}
}




@inproceedings{warnquist2009planning,
  title={Planning as heuristic search for incremental fault diagnosis and repair},
  author={Warnquist, H{\aa}kan and Kvarnstr{\"o}m, Jonas and Doherty, Patrick},
  booktitle={Scheduling and Planning Applications Workshop (SPARK) at the International Conference on Automated Planning and Scheduling (ICAPS)},
  year={2009}
}

@book{nilsson1982principles,
  title={Principles of artificial intelligence},
  author={Nilsson, Nils J},
  year={1982},
  publisher={Springer}
}

@article{feldman2010model,
  title={A model-based active testing approach to sequential diagnosis},
  author={Feldman, Alexander and Provan, Gregory and van Gemund, Arjan},
  journal={Journal of Artificial Intelligence Research (JAIR)},
  volume={39},
  pages={301},
  year={2010}
}


@ARTICLE{Brodie02,
  author =       {Brodie, M. and Rich, I. and Ma, S.},
  title =        {Intelligence Probing: A Cost-Effective Approach to Fault Diagnosis Computer
Networks},
  journal =      {IBM Systems Journal},
  year =         {2002},
  volume =       {41},
  number =       {3},
  pages =        {372--385}
}

@book{edelkamp2011heuristic,
  title={Heuristic search: theory and applications},
  author={Edelkamp, Stefan and Schroedl, Stefan},
  year={2011},
  publisher={Elsevier}
}

@inproceedings{deKleer1989diagnosis,
  author    = {Johan de Kleer and
               Brian C. Williams},
  title     = {Diagnosis with Behavioral Modes},
  booktitle = {IJCAI},
  year      = {1989},
  pages     = {1324-1330}
}

@inproceedings{Selman90,
  author    = {Bart Selman and
               Hector J. Levesque},
  title     = {Abductive and Default Reasoning: A Computational Core},
  booktitle = {AAAI},
  year      = {1990},
  pages     = {343-348},
  bibsource = {DBLP, http://dblp.uni-trier.de}
}

@article{feldman2010approximate,
  title={Approximate model-based diagnosis using greedy stochastic search},
  author={Feldman, Alexander and Provan, Gregory and van Gemund, Arjan},
  journal={Journal of Artificial Intelligence Research (JAIR)},
  volume={38},
  pages={371},
  year={2010}
}


@inproceedings{de2011hitting,
  title={Hitting set algorithms for model-based diagnosis},
  author={de Kleer, Johan},
	booktitle	= {the International Workshop on Principles of Diagnosis (DX)},
  pages={100--105},
  year={2011}
}

@inproceedings{stern2012exploring,
  title={Exploring the Duality in Conflict-Directed Model-Based Diagnosis.},
  author={Stern, Roni and Kalech, Meir and Feldman, Alexander and Provan, Gregory M},
  booktitle={AAAI},
  year={2012}
}

@inproceedings{metodi2012compiling,
  title={Compiling Model-Based Diagnosis to Boolean Satisfaction.},
  author={Metodi, Amit and Stern, Roni and Kalech, Meir and Codish, Michael},
  booktitle={AAAI},
  year={2012}
}


@article{williams2007conflict,
  title={{Conflict-directed A* and its role in model-based embedded systems}},
  author={Williams, Brian C and Ragno, Robert J},
  journal={Discrete Applied Mathematics},
  volume={155},
  number={12},
  pages={1562--1595},
  year={2007},
  publisher={Elsevier}
}

@article{abreu2011simultaneousDebugging,
  author = {Abreu, Rui and Zoeteweij, Peter and van Gemund, Arjan J. C.},
  journal = {Journal of Systems and Software},
  number = 4,
  pages = {573--586},
  title = {Simultaneous debugging of software faults},
  volume = 84,
  year = 2011
}

@incollection{deKleer1990characterizing,
  title={Characterizing diagnoses},
  author={De Kleer, Johan and Mackworth, Alan K and Reiter, Raymond},
  booktitle={Expert Systems in Engineering Principles and Applications},
  pages={1--15},
  year={1990},
  publisher={Springer Berlin Heidelberg}
}


@inproceedings{williams1996model,
  title={A model-based approach to reactive self-configuring systems},
  author={Williams, Brian C and Nayak, P Pandurang},
  booktitle={AAAI},
  pages={971--978},
  year={1996}
}

@inproceedings{feldman2013model,
  title={Model-Based Diagnostic decision-support system for satellites},
  author={Feldman, Alexander and de Castro, Helena Vicente and van Gemund, Arjan and Provan, Gregory},
  booktitle={Aerospace Conference, 2013 IEEE},
  pages={1--14},
  year={2013},
  organization={IEEE}
}


@article{friedrich1992choosing,
  title={Choosing Observations and Actions in Model-Based Diagnosis/Repair Systems.},
  author={Friedrich, Gerhard and Nejdl, Wolfgang},
  journal={KR},
  volume={92},
  pages={489--498},
  year={1992}
}

@article{heckerman1995decision,
  title={Decision-theoretic troubleshooting},
  author={Heckerman, David and Breese, John S and Rommelse, Koos},
  journal={Communications of the ACM},
  volume={38},
  number={3},
  pages={49--57},
  year={1995},
  publisher={ACM}
}
@inproceedings{stern2012using,
	title={Using Model-Based Diagnosis to Improve Software Testing},
  author={Stern, Roni and Kalech, Meir and Gafni, Niv and Ofir, Yair and Ben-Zaken, Eliav},
	booktitle	= {the International Workshop on Principles of Diagnosis (DX)},
	year	= {2012}
}
@inproceedings{zamir2014using,
	title={Using Model-Based Diagnosis to Improve Software Testing},
  author={Tom Zamir and Roni Stern and Meir Kalech},
	booktitle	= {AAAI (to appear)},
	year	= {2014}
}

@inproceedings{stern2013findingAll,
	title={Finding All Subset Minimal Diagnoses is Redundant},
  author={Roni Stern and Meir Kalech and Alexander Feldman and Shelly Rogov and Tom Zamir},
	booktitle	= {the International Workshop on Principles of Diagnosis (DX)},
	year	= {2013}
}



@article{barto1995learning,
  title={Learning to act using real-time dynamic programming},
  author={Barto, Andrew G and Bradtke, Steven J and Singh, Satinder P},
  journal={Artificial Intelligence},
  volume={72},
  number={1},
  pages={81--138},
  year={1995},
  publisher={Elsevier}
}

@inproceedings{silver2010monte,
  title={Monte-Carlo Planning in Large POMDPs.},
  author={Silver, David and Veness, Joel},
  booktitle={NIPS},
  volume={23},
  pages={2164--2172},
  year={2010}
}

@book{russell2010artificialIntelligence,
  author    = {Stuart J. Russell and
               Peter Norvig},
  title     = {Artificial Intelligence - A Modern Approach (3. internat.
               ed.)},
  publisher = {Pearson Education},
  year      = {2010}
}

@article{hansen2001lao,
  title={{LAO*: A heuristic search algorithm that finds solutions with loops}},
  author={Hansen, Eric A and Zilberstein, Shlomo},
  journal={Artificial Intelligence},
  volume={129},
  number={1},
  pages={35--62},
  year={2001},
  publisher={Elsevier}
}

@article{de1987diagnosing,
  title={Diagnosing multiple faults},
  author={De Kleer, Johan and Williams, Brian C},
  journal={Artificial intelligence},
  volume={32},
  number={1},
  pages={97--130},
  year={1987},
  publisher={Elsevier}
}

@article{Torta14,
  author    = {Gianluca Torta and
               Luca Anselma and
               Daniele Theseider Dupr{\'e}},
  title     = {Exploiting abstractions in cost-sensitive abductive problem
               solving with observations and actions},
  journal   = {AI Commun.},
  volume    = {27},
  number    = {3},
  year      = {2014},
  pages     = {245-262},
  ee        = {http://dx.doi.org/10.3233/AIC-140593},
  bibsource = {DBLP, http://dblp.uni-trier.de}
}

@article{Nyberg12,
 author = {Pernest{\aa}l, Anna and Nyberg, Mattias and Warnquist, H{\aa}kan},
 title = {Modeling and Inference for Troubleshooting with Interventions Applied to a Heavy Truck Auxiliary Braking System},
 journal = {Engineering Applications of Artificial Intelligence},
 issue_date = {June, 2012},
 volume = {25},
 number = {4},
 month = jun,
 year = {2012},
 issn = {0952-1976},
 pages = {705--719},
 numpages = {15},
 url = {http://dx.doi.org/10.1016/j.engappai.2011.02.018},
 doi = {10.1016/j.engappai.2011.02.018},
 acmid = {2185113},
 publisher = {Pergamon Press, Inc.},
 address = {Tarrytown, NY, USA},
 keywords = {Automobile industry, Bayesian network, Decision support systems, Fault diagnosis, Probabilistic models},
}